@article{mishraEA2024,
  author = {Mishra et al.},
  title = {A multi-objective clustering approach based on different clustering measures combinations},
  journal = {Computational and Applied Mathematics},
  year = {2024},
  volume = {44},
  number = {59},
  doi = {10.1007/s40314-024-03004-x},
  url = {https://www.redalyc.org/pdf/7600/760079749011.pdf}
}

@misc{student_performance_320,
  author       = {Cortez, Paulo},
  title        = {{Student Performance}},
  year         = {2008},
  howpublished = {UCI Machine Learning Repository},
  note         = {{DOI}: https://doi.org/10.24432/C5TG7T}
}